@article{2019混合正态分布模型在乙肝发病人数分析中的应用,
  title={混合正态分布模型在乙肝发病人数分析中的应用},
  journal={电脑知识与技术:学术交流},
  volume={15},
  number={3},
  pages={239-241},
  year={2019},
}

@article{曹惠霖1996乙型肝炎的流行状况,
  title={乙型肝炎的流行状况},
  author={曹惠霖},
  journal={中国疫苗和免疫},
  number={2},
  pages={88-90},
  year={1996},
}

@article{张国民2013中国,
  title={中国18～59岁人群乙型病毒性肝炎流行病学特征分析及乙型肝炎疫苗免疫策略探讨},
  author={张国民 and 孙校金 and 王富珍 and 郑徽 and 龚晓红 and 缪宁 and 贾元熙 and 吴振华 and 崔富强},
  journal={中国疫苗和免疫},
  number={3},
  pages={266-270},
  year={2013},
}

@article{刘小畅2018中国居民病毒性肝炎流行趋势分析,
  title={中国居民病毒性肝炎流行趋势分析},
  author={刘小畅 and 赵婷 and 赵志梅 and 王竞冬 and 刘镓玮 and 易文 and 杨净思},
  journal={预防医学},
  volume={30},
  number={5},
  pages={433-437},
  year={2018},
}

@article{徐巍2008乙肝治疗药物的研究进展及临床评价,
  title={乙肝治疗药物的研究进展及临床评价},
  author={徐巍 and 苏乐群 and 李宏建},
  journal={中国医院药学杂志},
  volume={28},
  number={9},
  pages={737-739},
  year={2008},
}

@article{李明2012乙肝患者病毒学检验的临床分析,
  title={乙肝患者病毒学检验的临床分析},
  author={李明 and 赵莉},
  journal={中外医学研究},
  volume={10},
  number={2},
  pages={46-47},
  year={2012},
}

@article{陈银苹2014灰色系统对乙型病毒性肝炎发病率的预测研究,
  title={灰色系统对乙型病毒性肝炎发病率的预测研究},
  author={陈银苹 and 吴爱萍 and 范红敏 and 周海英 and 王翠玲 and 高雯 and 余亮科 and 王原 and 赵斯},
  journal={中国现代医学杂志},
  volume={24},
  number={24},
  pages={77-81},
  year={2014},
}

@article{Maria2010A,
  title={A stochastic EM type algorithm for parameter estimation in models with continuous outcomes, under complex ascertainment},
  author={Maria, Grünewald and Keith, Humphreys and Ola, H?Ssjer},
  journal={International Journal of Biostatistics},
  volume={6},
  number={1},
  pages={Article 23},
  year={2010},
}

@article{岳佳2007双重高斯混合模型的,
  title={双重高斯混合模型的EM算法的聚类问题研究},
  author={岳佳 and 王士同},
  journal={计算机仿真},
  volume={24},
  number={11},
  pages={110-113},
  year={2007},
}

@article{苏嘉庚2017EM,
  title={EM算法下的快速收敛参数预估策略},
  author={苏嘉庚},
  journal={电子技术与软件工程},
  number={1},
  pages={173-173},
  year={2017},
}
%------------------------------------------B

@article{baizhenguo白振国2013周期传染病模型的基本再生数,
	title={周期传染病模型的基本再生数},
	author={白振国},
	journal={工程数学学报},
	number={2},
	pages={175-183},
	year={2013},
}
%------------------------------------------D
@article{diekmann1990on,
	title={On the definition and the computation of the basic reproduction ratio R0 in models for infectious diseases in heterogeneous populations},
	author={Diekmann, Odo and Heesterbeek, J A P and Metz, J A J},
	journal={Journal of Mathematical Biology},
	volume={28},
	number={4},
	pages={365--382},
	year={1990}}

%------------------------------------------F
@article{fengdandan冯丹丹214例艾滋病死亡病例临床特征分析,
	title={214例艾滋病死亡病例临床特征分析},
	journal={北京医学},
	author={冯丹丹 and 李爱斯 and 汪雯 and 张彤}
	number={10},
	pages={937-939},
	year={2018},
}

%------------------------------------------G
@book{maoshisong茆诗松概率论与数理统计,
	title={概率论与数理统计(第二版)},
	author={茆诗松 and 程依明 and 濮晓龙},
	publisher={高等教育出版社},
	year={2011},
	address={北京},
}

@article{golightly2011bayesian,
	title={Bayesian parameter inference for stochastic biochemical network models using particle Markov chain Monte Carlo},
	author={Golightly, Andrew and Wilkinson, Darren J},
	journal={Interface Focus},
	volume={1},
	number={6},
	pages={807--820},
	year={2011}}

@article{龚琪2016湖北省医务人员艾滋病歧视现状分析,
	title={湖北省医务人员艾滋病歧视现状分析},
	author={龚琪 and 胡天天 and 方鹏骞},
	journal={医学与社会},
	volume={29},
	number={10},
	pages={85-88},
	year={2016},
}
%------------------------------------------J


@book{jiangqiyuan姜启源数学模型,
	title={数学模型(第四版)},
	author={姜启源 and 谢金星 and 叶俊},
	publisher={高等教育出版社},
	year={2011},
	address={北京},
}
%------------------------------------------P


%------------------------------------------L
@article{Loh1996Latin,
	title={Latin Hypercube Sampling},
	author={Loh, Wei Liem},
	journal={Annals of Statistics},
	volume={24},
	number={5},
	pages={2058-2080},
	year={1996},
}

@article{liuxia刘霞2014基于最小二乘法的自动分段多项式曲线拟合方法研究,
	title={基于最小二乘法的自动分段多项式曲线拟合方法研究},
	author={刘霞 and 王运锋},
	journal={科学技术与工程},
	volume={14},
	number={3},
	pages={55-58},
	year={2014},
}

%------------------------------------------M
@article{miao苗蔚20062005年中国艾滋病疫情与防治工作进展,
	title={2005年中国艾滋病疫情与防治工作进展发布},
	author={苗蔚},
	journal={中华医学杂志},
	volume={86},
	number={8},
	pages={553-553},
	year={2006},
}


%------------------------------------------R

@article{den_driessche2002reproduction,
	title={Reproduction numbers and sub-threshold endemic equilibria for compartmental models of disease transmission},
	author={Den Driessche, P Van and Watmough, James},
	journal={Bellman Prize in Mathematical Biosciences},
	volume={180},
	number={12},
	pages={29--48},
	year={2002}}
%------------------------------------------S
@article{shixiaoqin施小清2009基于,
	title={基于LHS方法的地下水流模型不确定性分析},
	author={施小清 and 吴吉春 and 姜蓓蕾 and 方瑞 and 孙媛媛},
	journal={水文地质工程地质},
	volume={36},
	number={2},
	pages={1-6},
	year={2009},
}

@article{schafer1983bayesian,
	title={Bayesian Reliability Analysis},
	author={Schafer, Ray E},
	journal={Technometrics},
	volume={25},
	number={2},
	pages={209--210},
	year={1983}}
%------------------------------------------T
@article{tangqi唐琪2017艾滋病流行现状及防治策略探讨,
	title={艾滋病流行现状及防治策略探讨},
	author={唐琪 and 卢洪洲},
	journal={复旦学报（医学版）},
	volume={44},
	number={6},
	pages={744-751},
	year={2017},
}

@article{Archer2008Empirical,
  title={Empirical characterization of random forest variable importance measures},
  author={Archer, Kellie J. and Kimes, Ryan V.},
  journal={Computational Statistics and Data Analysis},
  volume={52},
  number={4},
  pages={2249-2260},
  year={2008},
}

@phdthesis{陈大明2007乙肝防治的情报学研究,
  title={乙肝防治的情报学研究},
  author={陈大明},
  school={中国科学院研究生院（上海生命科学研究院）},
  year={2007},
}

@article{洪凌燕2018门诊乙肝患者对乙肝防治知识、态度、行为调查及影响因素分析,
  title={门诊乙肝患者对乙肝防治知识、态度、行为调查及影响因素分析},
  author={洪凌燕 and 倪正仙 and 胡志芳 and 李远坤},
  journal={现代预防医学},
  number={8},
  pages={1445-1448},
  year={2018},
}

@article{刘士敬2005乙肝防治决策的基本点,
  title={乙肝防治决策的基本点},
  author={刘士敬 and 朱倩 and LIUShi-jing and ZHUQian},
  journal={医学与哲学(A)},
  volume={26},
  number={10},
  pages={40-44},
  year={2005},
}

@article{周建钦2016乙肝防治知识的人际传播在乙肝防治中的作用探讨,
  title={乙肝防治知识的人际传播在乙肝防治中的作用探讨},
  author={周建钦},
  journal={河南预防医学杂志},
  volume={27},
  number={7},
  pages={533-535},
  year={2016},
}

@article{巴文生2004-2018年青海省乙型病毒性肝炎流行病学特征分析,
  title={2004-2018年青海省乙型病毒性肝炎流行病学特征分析},
  author={巴文生 and 郝增平 and 李忠玖 and 李珍},
  journal={微生物学免疫学进展},
  volume={03},
  pages={1-4},
  year={2019},
}

%------------------------------------------W
@article{吴尊友2000行为干预是目前预防艾滋病的有效疫苗,
	title={行为干预是目前预防艾滋病的有效疫苗},
	author={吴尊友},
	journal={中国艾滋病性病},
	number={4},
	pages={221-223},
	year={2000},
}
%------------------------------------------X

@article{xvmin徐敏20132005,
	title={2005-2011年北京市艾滋病患者免费抗病毒治疗前的特征分析},
	author={徐敏 and 李洋 and 陈婧 and 夏冬艳 and 王娟 and 刘国武 and 卢红艳},
	journal={中华疾病控制杂志},
	volume={17},
	number={2},
	year={2013},
}

@article{xiao2013predicting,
	title={Predicting the HIV/AIDS epidemic and measuring the effect of mobility in mainland China},
	author={Xiao, Yanni and Tang, Sanyi and Zhou, Yicang and Smith, Robert J and Wu, Jianhong and Wang, Ning},
	journal={Journal of Theoretical Biology},
	volume={317},
	pages={271--285},
	year={2013}}

%------------------------------------------Y
@book{yyhgfx_h_l,
	title={应用回归分析(第四版)},
	author={何晓群 and 刘文卿},
	publisher={中国人民大学出版社},
	year={2001},
	address={北京},
}

@book{yyhgfx_w_c_y,
	title={应用回归分析},
	author={王黎明 and 陈颖 and 杨楠},
	publisher={复旦大学出版社},
	year={2008},
	address={上海},
}

%------------------------------------------Z
@article{zangwenjin张文静2018中国部分省市大学生性教育现状与性行为影响因素分析,
	title={中国部分省市大学生性教育现状与性行为影响因素分析},
	author={张文静 and 马迎华 and 高迪思 and 王怡欣 and 彭华参},
	journal={中国学校卫生},
	volume={v.39；No.294},
	number={06},
	pages={20-23},
	year={2018},
}

@article{zengyi曾毅_应对艾滋病,
	title = {应对艾滋病，科普是科研的另一大助力},
	urldate = {2019-03-11},
	journal = {北京科技报},
	author = {曾毅 and 李鹏},
	month = nov,
	year = {2018},
	pages = {A04}
}

@article{zangwenzhuan张文专2006非线性再生散度随机效应模型的贝叶斯分析,
	title={非线性再生散度随机效应模型的贝叶斯分析},
	author={张文专 and 唐年胜 and 王学仁},
	journal={应用数学学报},
	number={4},
	pages={714-724},
	year={2006},
}

@article{zhanglei张磊2012微分方程数值解的隐显式,
	title={微分方程数值解的隐显式Runge-Kutta方法},
	author={张磊 and 王其波},
	journal={科技信息},
	number={33},
	pages={233-234},
	year={2012},
}
